<?xml version="1.0" encoding="UTF-8"?><collection xmlns="http://www.loc.gov/MARC21/slim"><record><leader>00427nam--2200145-i-4500</leader><controlfield tag="001">000019967</controlfield><controlfield tag="002">20161230</controlfield><controlfield tag="005">20161230201033</controlfield><controlfield tag="008">060222s1000------------r-----000-0-eng-d</controlfield><datafield ind1=" " ind2=" " tag="080"><subfield code="a">621.375.826(061.3)</subfield></datafield><datafield ind1=" " ind2=" " tag="245"><subfield code="a">Electronic transition lasers 11.proceedings</subfield></datafield><datafield ind1=" " ind2=" " tag="260"><subfield code="a">Cambridge, The Mit Press, 1977.Xi + 343 P</subfield></datafield><datafield ind1=" " ind2=" " tag="490"><subfield code="a">Proceedings</subfield></datafield><datafield ind1=" " ind2=" " tag="700"><subfield code="a">Wilson, Leroy E., Suchard, Steven N., Steinfeld, Jeffrey I</subfield></datafield><datafield ind1=" " ind2=" " tag="852"><subfield code="a">49239</subfield></datafield></record></collection>